2080 3532
358 286 607 352 srnvm·
770 305 803 364 1·5

111 387 174 448 Vns
186 372 336 443 meministis¹
344 387 410 439 enim
427 385 493 454 regis
508 397 611 436 contuse
624 381 723 449 superbi
878 384 880 388 ’

118 483 226 534 Pectora
238 496 248 528 r
262 517 270 538 ,
281 494 329 530 vos
337 475 421 526 medio
431 475 574 526 incedentes
587 485 683 535 equore
698 482 806 530 turmas3
860 508 863 516 .

118 569 268 634 Deletasque
285 562 350 614 acies
364 564 448 622 scitis,
465 573 597 629 pastosque
613 555 764 620 triumphos.

114 657 188 710 scitis
204 671 233 708 ut
247 653 274 704 in
286 667 364 703 terras
378 667 462 717 spreto
478 647 625 700 descendere
638 640 700 694 celo

112 749 199 800 Ausus
214 758 263 809 ego
276 755 306 800 23
323 751 351 788 ut
365 739 434 806 leges
450 737 502 789 illis
516 753 542 788 et
555 737 608 798 iura
622 730 717 781 tuende

111 836 135 884 T
136 827 277 882 radiderim
291 823 360 877 ¹vices.
375 823 464 877 Nostri
481 838 578 890 quoque
591 817 664 870 testis
681 819 773 872 amoris

111 921 225 972 Phoebus
240 916 308 975 erit,
326 929 396 966 sueto
412 911 505 965 vetitus
522 908 672 966 descendere
685 926 754 962 curse
765 927 798 968 ες

110 1010 146 1058 Et
161 1005 244 1056 scisse
260 1001 380 1070 Iordanis
396 1017 460 1068 aque
471 1035 479 1058 ,
492 994 624 1060 sonituque
639 997 751 1048 tubarum

115 1097 204 1157 Captae
223 1091 314 1148 urbes,
330 1087 445 1152 pulsique
462 1101 505 1134 sua
523 1081 619 1134 ditione
634 1084 739 1150 Tyranni
748 1102 776 1146 4,
835 1091 842 1098 ·

113 1180 176 1246 Haee
193 1176 247 1227 iilis
261 1175 341 1242 igitur
355 1171 430 1224 tribdi
445 1169 520 1238 :quid
537 1168 641 1220 maxima
657 1187 718 1220 vero

113 1269 172 1316 Tot
183 1265 251 1319 bona
269 1277 461 1314 commemorem
477 1262 568 1310 Jessmo
582 1255 688 1320 prestita
705 1255 755 1310 vati
765 1273 776 1314 5
788 1260 797 1312 i

114 1353 161 1407 Illi
180 1369 230 1420 ego
245 1348 340 1416 pastori
353 1345 454 1399 memini
469 1343 586 1397 tribuisse
600 1360 735 1404 coronam,

113 1445 262 1508 Ereptoque
278 1437 345 1502 pedo
358 1449 482 1498 sceptrum
499 1432 601 1480 donasse
614 1434 742 1486 ferendum
752 1441 785 1494 σς

114 1531 183 1578 Mox
197 1524 274 1576 etiarn
288 1520 473 1581 manibusvasti
488 1518 605 1584 eripuisse
618 1519 727 1587 gigantis
738 1536 773 1581 '7³

118 1617 234 1683 Cumque
244 1624 332 1676 graves
341 1623 429 1674 urgere
437 1607 516 1660 mines
526 1641 534 1667 ,
545 1605 682 1676 odiumque
697 1606 776 1660 cantis

119 1696 272 1752 Sensissem,
289 1710 368 1760 tutum
386 1697 437 1761 ipse
451 1695 529 1758 dedi(
537 1697 663 1758 miseratus
678 1693 790 1760 egentis)

119 1769 253 1836 Exiliums
264 1818 271 1840 ‚
282 1796 307 1832 et
319 1781 416 1846 placida
429 1783 543 1834 florentia
558 1795 633 1850 regna
647 1780 740 1844 quiete.
789 1814 791 1824 .

69 1877 71 1880 ’
118 1877 196 1932 Nunc
208 1886 293 1924 tamen
306 1867 419 1935 antiquos
434 1885 513 1920 mores
525 1869 635 1920 imitatus
652 1881 773 1930 aunuum,

121 1959 277 2024 Oblitusque
291 1955 359 2016 mei,
373 1971 418 2008 nec
436 1956 487 2006 celi
499 1969 613 2022 spernere
625 1951 693 2018 leges
701 1982 723 2014 ,t
735 1979 740 1984 -

118 2051 176 2099 Nec
192 2045 293 2096 crudele
308 2043 387 2095 scelus
402 2043 490 2094 sceleri
504 2043 610 2106 iunxisse
623 2055 732 2094 veretur·

121 2133 190 2188 Hinc
206 2135 291 2200 leges,
307 2129 364 2182 hinc
380 2131 432 2192 iura
447 2145 530 2190 tacent
543 2131 637 2185 violate
653 2125 741 2180 sacrati

122 2220 243 2287 conjugii
253 2237 266 2282 ς·
276 2219 332 2290 hinc
342 2231 484 2268 nosternon
493 2217 567 2286 digne
576 2231 658 2270 morte
667 2229 809 2278 peremptus

121 2309 268 2362 Vindictam
283 2300 349 2374 petit
362 2301 448 2364 Urias:
464 2321 528 2356 nunc
545 2321 607 2372 erge
621 2303 753 2368 superbum

81 2407 83 2414 '
122 2398 235 2456 Uiciscar
250 2395 316 2463 regis
331 2407 434 2462 pectus,
451 2393 619 2462 populumque
631 2397 741 2450 ferocem

152 2511 173 2572 ιζ
187 2530 262 2570 Exod.
277 2538 312 2578 14.
509 2536 530 2577 5.
546 2537 566 2574 r.
583 2509 689 2579 Reum.

150 2591 173 2624 π.
184 2581 224 2621 Ee
239 2590 274 2628 19·
285 2591 307 2624 ee
318 2583 426 2636 deiufeps.
510 2580 532 2621 6.
547 2589 566 2618 1.
578 2577 631 2630 Reg.
646 2576 683 2624 τό.

152 2641 174 2682 3·
186 2631 228 2678 Μ·
242 2641 277 2670 10·
510 2641 533 2684 7,
547 2638 566 2670 1.
579 2627 632 2680 Reg.
649 2636 687 2674 17.

149 2692 173 2732 41
183 2682 226 2732 svs·
239 2689 259 2734 3·
269 2691 289 2724 tt
300 2681 323 2728 6·
513 2681 536 2728 8,
552 2687 571 2722 1.
582 2679 629 2732 Reg
641 2686 679 2728 27.
