2022 3528
256 295 292 357 8⁶
413 289 438 352 L
457 289 511 353 IB
531 289 556 349 E
579 285 603 350 L
623 285 647 348 L
670 284 703 346 U
724 281 744 344 S

290 389 340 454 Qui
356 405 382 441 re
394 402 446 439 non
460 385 514 437 ullo
529 386 644 448 deturpat
657 379 775 438 crimine,
790 377 883 446 quique

256 477 359 531 Viribus
374 475 490 542 ingenuas
503 472 566 524 toric
580 466 740 535 amplectitur
755 479 836 525 arcer,

255 573 279 620 lc
292 564 373 625 mihi,
388 564 421 615 rit
435 561 544 628 quamvis
561 558 676 628 genitore
692 569 785 606 creatur
801 565 904 620 egerim*

254 652 357 706 Nobilis
370 667 428 704 est:
443 665 469 703 at
480 649 539 718 qui,
549 647 675 711 ¹vitioruru
688 645 755 696 mole
769 657 906 710 gravatus,

253 744 300 795 Nil
315 757 401 808 praeter
415 754 523 798 statuas,
538 753 564 789 et
577 753 681 788 avorum
696 731 796 784 nomint
809 731 906 794 jactat,
935 723 937 726 ’

252 831 278 884 si
294 847 378 885 vetum
394 827 520 888 excutias,
536 828 613 894 longe
627 822 803 889 abiectissimur
818 819 865 871 ille
881 834 929 872 ert·

273 980 341 1042 AD
376 967 926 1047 JANUMAN.TON1UM

502 1077 703 1138 Barrturr.

252 1224 314 1274 June
329 1221 379 1274 mei
392 1221 475 1274 cordis
489 1222 566 1286 longe
581 1213 767 1283 praemaxima,
784 1231 898 1281 quocun

252 1311 335 1363 Dulce
349 1310 410 1364 mihi
425 1327 462 1363 est
475 1322 544 1361 totos
562 1305 649 1356 crebro
663 1320 812 1368 componere
826 1306 912 1364 soles,

252 1398 320 1449 Dum
336 1413 364 1450 tu
379 1414 420 1450 aut
433 1395 536 1448 Niliacae
552 1391 679 1444 meditaris
694 1395 778 1444 funeta
790 1392 913 1468 Thiqbce.

252 1484 367 1538 Inficiena
381 1501 435 1536 atro
449 1483 577 1536 candentia
590 1500 663 1548 poma
677 1479 779 1538 colore,

252 1573 308 1623 Aut
324 1589 386 1636 opus
400 1569 516 1622 eximium
531 1568 638 1620 numeria
651 1568 795 1622 sublimibus
810 1548 904 1634 aptas,¹

251 1665 361 1726 syrmate
376 1655 538 1732 rumpimus,
552 1642 726 1722 picturamque
742 1655 866 1708 cothurno
888 1672 897 1715 ς

252 1741 427 1798 Carmiueuqr
440 1741 527 1794 humili
543 1757 642 1806 nostrus
656 1739 804 1795 includimur
818 1741 912 1808 ignes,

251 1831 306 1882 Aur
321 1827 437 1882 brevibus
452 1829 550 1896 scriptis
564 1831 648 1883 dulces
661 1829 762 1901 affamur
775 1826 889 1878 amicos,

252 1915 385 1972 Autvitiir
399 1917 531 1984 genuinum
546 1915 678 1984 infigimus.
694 1915 786 1968 Omnia
799 1932 845 1968 not
860 1917 912 1968 haec

251 2004 358 2055 Parvula
369 2001 497 2052 inaudacec
511 2019 518 2052 r
534 2000 580 2052 tibi
592 2005 628 2052 fas
643 2002 735 2064 maiora
750 2018 851 2066 parare,

254 2089 302 2144 Cui
318 2104 386 2141 totur
400 2105 426 2138 se
439 2087 564 2146 Helicon,
580 2102 695 2154 totusque
708 2088 816 2141 recludit
832 2090 943 2156 Apollo.
999 2081 1000 2124 i

251 2181 295 2238 Ad
308 2178 371 2232 viret
384 2192 410 2230 ae
422 2192 541 2244 quemque
554 2193 607 2249 suar
621 2193 771 2244 componere
784 2173 872 2232 verum
888 2195 936 2238 ert.
