2026 3526
173 309 175 314 ’
252 327 310 378 124
430 298 751 366 PANCHARIS

208 413 210 418 '
249 407 280 458 ld
294 421 321 455 ru
338 400 458 468 pretaioli
473 415 517 452 tuo
530 403 625 465 poia,
649 464 653 468 .

250 495 279 546 Id
293 489 405 543 solatioli
419 505 493 555 negat
508 477 615 538 attalaia

250 583 293 632 An
309 579 344 630 mi
358 576 461 630 delicias
473 575 534 626 facit
545 573 645 638 iocosa!

252 667 375 740 Quodque
386 663 442 729 plut
454 661 538 728 cupit,
554 661 603 711 hot
616 672 691 724 negat
705 654 815 724 roganti·

252 757 347 816 invita,
364 769 394 804 ut
407 751 506 803 videare
519 746 554 797 mi
571 743 679 796 dediss'el

251 842 358 894 Invitam
373 838 434 890 litet
450 827 509 902 ergo
523 849 549 886 te
563 831 709 897 prehendam
716 843 727 890 ,’

252 933 285 981 Et
297 929 366 980 collo
380 922 489 987 injiciam
504 935 602 977 manus,
622 931 648 968 et
661 932 704 967 ora

255 1023 390 1072 conseram
403 1013 502 1071 oribus,
515 1024 542 1060 tt
554 1005 644 1061 labella
655 1002 743 1056 labriat

142 1103 147 1112 ⁵
170 1104 175 1109 ⁸
255 1109 288 1157 Et
301 1122 376 1171 neget
389 1101 450 1152 licet
463 1113 538 1164 utque
549 1109 733 1160 pernegeaque,

254 1191 412 1254 Lucterisque
426 1183 506 1241 mihi,
521 1196 546 1232 tt
562 1179 624 1230 mihi
638 1178 756 1240 mitteris,⁴

255 1286 333 1345 Usque
349 1275 379 1325 ad
393 1270 459 1324 basia
473 1268 544 1319 mille
559 1267 676 1328 batiabo,

256 1371 276 1417 T
278 1383 318 1420 um
332 1380 371 1416 rae
385 1360 506 1414 morsibus
520 1356 577 1407 hinc
593 1373 619 1408 et
634 1357 692 1408 inde
703 1357 781 1424 figaa3·

257 1459 332 1508 Eros
346 1448 466 1519 unguibus
478 1443 536 1496 irinc
552 1458 578 1495 et
594 1443 653 1494 inde
665 1444 760 1504 vellat,

258 1549 312 1597 Nec
327 1556 421 1594 moruus
434 1531 540 1587 m'etuam
555 1527 705 1596 unguiumve
716 1534 818 1595 sulcos.

259 1629 328 1696 Quin
342 1619 522 1695 quantoaltius
537 1617 657 1685 unguibus
668 1618 784 1689 notarit!

261 1723 362 1782 Quanto
376 1709 457 1764 fixerit
471 1706 566 1758 acriore
581 1723 680 1784 morsu,

259 1813 340 1859 Tanto
353 1799 419 1854 basia
433 1796 556 1864 pressiora
567 1795 659 1862 figam,

259 1897 341 1945 Tanto
356 1904 382 1940 et
394 1887 446 1963 ipse
461 1899 568 1950 premam
583 1879 689 1932 arctiore
702 1893 777 1934 uoltu·⁴

261 1982 285 2030 0
300 1988 306 2028 !
322 1972 443 2028 mellitula
457 1971 555 2036 praelia,
572 1988 588 2021 o
600 1978 606 2020 t
619 1983 704 2020 suaves

247 2064 379 2144 ,Dentium
393 2054 455 2111 mihi
469 2055 668 2112 morsicationet,

262 2155 309 2208 Vis
321 2171 336 2203 o
348 2160 354 2201 t
370 2144 488 2199 Panchari
501 2163 540 2197 me
554 2145 647 2194 beare!
662 2146 760 2206 Semper

263 2241 326 2295 Mihi
340 2237 406 2291 basia
418 2247 526 2300 pornega
539 2228 653 2298 roganti,

262 2339 361 2400 Semper
376 2340 404 2381 ut
415 2319 507 2392 rapiam
518 2323 632 2385 fruarque
646 2312 734 2382 raptim
