2018 3536
252 379 274 424 x
407 347 811 420 PRAEFATIO.'

248 495 297 540 rua
311 477 393 556 laude
408 475 526 540 dicentis
537 475 666 537 oratione
677 476 799 537 libenter
808 473 938 554 acquies»

248 597 335 642 cerer.
349 576 427 657 Quid
444 573 561 657 quaeris?
569 573 647 634 Cum
660 574 822 654 aliquandiu
840 576 936 636 reluc-

248 691 322 739 tatur
340 677 474 748 fuissem,
493 675 599 738 veritus
619 693 656 735 ne
675 693 777 754 parum
796 673 935 736 decorum

249 775 390 839 videretur
408 778 536 838 irratam
554 773 656 853 pusilla
673 774 703 834 in
722 794 772 836 tuo
791 776 864 836 tanti
880 774 935 838 viri

247 873 369 937 nomine
385 894 518 957 apparere
529 915 539 947 ‚
551 873 586 937 ad
603 891 763 936 extremum
774 891 872 944 tamen
885 889 934 934 me

155 1018 166 1040 .
249 975 408 1055 persuaderi
426 995 519 1056 passus
538 995 600 1034 sum
617 993 626 1034 r
644 971 720 1051 quod
733 961 773 1033 Ob
793 971 882 1041 dico,
902 991 934 1034 ιιι

250 1073 273 1136 si
293 1073 367 1136 forte
386 1094 451 1138 mea
469 1073 520 1136 ribi
539 1093 640 1153 parum
659 1071 822 1150 probabitur
841 1071 932 1134 auda·

250 1175 320 1244 tia,
343 1171 451 1234 Comes
470 1165 529 1252 ipse
555 1190 669 1232 mecum
690 1171 778 1252 culp'ae
797 1171 933 1235 sustinear

246 1288 368 1352 panem.
384 1271 476 1334 Valde
490 1285 587 1338 autern
603 1287 632 1332 te
646 1289 725 1340 oro,
741 1268 786 1333 rir
802 1268 934 1333 illustris·

246 1371 341 1444 aime,
358 1387 390 1435 ut
403 1369 471 1435 dum
486 1367 538 1432 ribi
553 1369 608 1430 alia
625 1365 756 1451 graviora
774 1367 932 1441 molimur,

246 1469 327 1542 boc,
342 1471 535 1550 qualecunque
551 1466 665 1530 tandem
681 1481 741 1537 est,
758 1467 828 1546 aequi
845 1468 933 1530 boni·
995 1529 996 1536 χ

247 1588 304 1649 uuo
324 1569 465 1634 consulas.
484 1568 552 1634 Tibi
573 1566 686 1648 quidem
707 1563 849 1649 integrum
868 1587 930 1644 est,
995 1557 996 1624 ζ

247 1665 331 1744 hujus
355 1667 444 1731 veluti
470 1667 559 1750 girba
586 1663 809 1745 apprehensione
834 1683 931 1732 totum

247 1783 369 1847 agrum,
387 1763 430 1827 uti
448 1766 592 1846 optimus,
611 1764 806 1844 maximusque
825 1783 887 1834 est,
909 1767 931 1828 si

249 1859 411 1924 collibuerit
425 1879 444 1934 ‚'
460 1864 613 1928 vindicare.
640 1860 730 1942 Quod
756 1881 787 1924 ut
813 1863 930 1936 facias,

248 1959 433 2025 vehementer
454 1980 481 2024 te
508 1963 595 2023 etiam
622 1979 706 2039 'arque
732 1959 819 2023 etiam
844 1979 931 2042 rogo.

249 2057 335 2128 Vale.
350 2059 488 2136 Lutetia,
505 2067 533 2128 8.
551 2059 661 2128 calend.
678 2057 821 2124 Decemb.
841 2079 932 2138 155²·
