<?xml version="1.0" encoding="UTF-8"?>
<!DOCTYPE html PUBLIC "-//W3C//DTD XHTML 1.0 Transitional//EN"
    "http://www.w3.org/TR/xhtml1/DTD/xhtml1-transitional.dtd">
<html xmlns="http://www.w3.org/1999/xhtml" xml:lang="en" lang="en">
 <head>
  <title>
</title>
<meta http-equiv="Content-Type" content="text/html;charset=utf-8" />
  <meta name='ocr-system' content='tesseract 3.04.00' />
  <meta name='ocr-capabilities' content='ocr_page ocr_carea ocr_par ocr_line ocrx_word'/>
</head>
<body>
  <div class='ocr_page' id='page_1' title='image "./theodoribezaeve01bzgoog_0276.png"; bbox 0 0 2010 3528; ppageno 0'>
   <div class='ocr_carea' id='block_1_1' title="bbox 65 235 737 661">
    <p class='ocr_par' dir='ltr' id='par_1_1' title="bbox 65 235 737 661">
     <span class='ocr_line' id='line_1_1' title="bbox 278 235 737 327; baseline -0.002 -19"><span class='ocrx_word' id='word_1_1' title='bbox 278 247 301 308; x_wconf 78' lang='lat' dir='ltr'>n</span> <span class='ocrx_word' id='word_1_2' title='bbox 320 245 344 306; x_wconf 86' lang='lat' dir='ltr'>t</span> <span class='ocrx_word' id='word_1_3' title='bbox 365 245 389 306; x_wconf 77' lang='lat' dir='ltr'>t</span> <span class='ocrx_word' id='word_1_4' title='bbox 408 243 439 306; x_wconf 86' lang='lat' dir='ltr'>G</span> <span class='ocrx_word' id='word_1_5' title='bbox 457 245 471 306; x_wconf 90' lang='lat' dir='ltr'>r</span> <span class='ocrx_word' id='word_1_6' title='bbox 487 235 549 327; x_wconf 55' lang='lat' dir='ltr'>¹rat</span> <span class='ocrx_word' id='word_1_7' title='bbox 704 267 716 324; x_wconf 79' lang='lat'>3</span> <span class='ocrx_word' id='word_1_8' title='bbox 723 268 737 324; x_wconf 77' lang='lat'><em>3</em></span> 
     </span>
     <span class='ocr_line' id='line_1_2' title="bbox 65 343 728 409; baseline 0.002 -14"><span class='ocrx_word' id='word_1_9' title='bbox 65 346 119 395; x_wconf 86' lang='lat' dir='ltr'>Nec</span> <span class='ocrx_word' id='word_1_10' title='bbox 135 359 176 394; x_wconf 84' lang='lat' dir='ltr'>me</span> <span class='ocrx_word' id='word_1_11' title='bbox 185 343 277 396; x_wconf 75' lang='lat' dir='ltr'>bedese</span> <span class='ocrx_word' id='word_1_12' title='bbox 293 343 374 396; x_wconf 80' lang='lat' dir='ltr'>varius</span> <span class='ocrx_word' id='word_1_13' title='bbox 386 344 508 409; x_wconf 80' lang='lat' dir='ltr'>superabit</span> <span class='ocrx_word' id='word_1_14' title='bbox 520 349 546 399; x_wconf 91' lang='lat' dir='ltr'>in</span> <span class='ocrx_word' id='word_1_15' title='bbox 558 345 619 398; x_wconf 81' lang='lat' dir='ltr'>ilice</span> <span class='ocrx_word' id='word_1_16' title='bbox 629 346 728 404; x_wconf 82' lang='lat' dir='ltr'>nodus,</span> 
     </span>
     <span class='ocr_line' id='line_1_3' title="bbox 97 428 650 498; baseline 0.011 -18"><span class='ocrx_word' id='word_1_17' title='bbox 97 428 214 498; x_wconf 81' lang='lat' dir='ltr'>Brachia,</span> <span class='ocrx_word' id='word_1_18' title='bbox 224 446 295 482; x_wconf 89' lang='lat' dir='ltr'>erunt</span> <span class='ocrx_word' id='word_1_19' title='bbox 310 431 380 483; x_wconf 85' lang='lat' dir='ltr'>collo</span> <span class='ocrx_word' id='word_1_20' title='bbox 395 433 430 484; x_wconf 86' lang='lat' dir='ltr'>sic</span> <span class='ocrx_word' id='word_1_21' title='bbox 443 451 497 484; x_wconf 82' lang='lat' dir='ltr'>mea</span> <span class='ocrx_word' id='word_1_22' title='bbox 508 451 569 486; x_wconf 80' lang='lat' dir='ltr'>nexa</span> <span class='ocrx_word' id='word_1_23' title='bbox 582 449 650 486; x_wconf 61' lang='lat' dir='ltr'>rute·</span> 
     </span>
     <span class='ocr_line' id='line_1_4' title="bbox 65 518 611 588; baseline 0.004 -20"><span class='ocrx_word' id='word_1_24' title='bbox 65 518 103 568; x_wconf 88' lang='lat' dir='ltr'>At</span> <span class='ocrx_word' id='word_1_25' title='bbox 118 535 165 568; x_wconf 90' lang='lat' dir='ltr'>vos</span> <span class='ocrx_word' id='word_1_26' title='bbox 180 519 295 584; x_wconf 83' lang='lat' dir='ltr'>purpurei</span> <span class='ocrx_word' id='word_1_27' title='bbox 309 537 379 587; x_wconf 82' lang='lat' dir='ltr'>reges</span> <span class='ocrx_word' id='word_1_28' title='bbox 395 521 518 588; x_wconf 79' lang='lat' dir='ltr'><strong>ignoscite</strong></span> <span class='ocrx_word' id='word_1_29' title='bbox 533 520 611 580; x_wconf 81' lang='lat' dir='ltr'>victi,</span> 
     </span>
     <span class='ocr_line' id='line_1_5' title="bbox 96 604 623 661; baseline 0 -3"><span class='ocrx_word' id='word_1_30' title='bbox 96 604 171 658; x_wconf 83' lang='lat' dir='ltr'>Risus</span> <span class='ocrx_word' id='word_1_31' title='bbox 186 617 258 658; x_wconf 88' lang='lat' dir='ltr'>erunt</span> <span class='ocrx_word' id='word_1_32' title='bbox 271 622 358 660; x_wconf 75' lang='lat' dir='ltr'>vestre</span> <span class='ocrx_word' id='word_1_33' title='bbox 372 623 430 659; x_wconf 82' lang='lat' dir='ltr'>tunc</span> <span class='ocrx_word' id='word_1_34' title='bbox 445 607 507 661; x_wconf 86' lang='lat' dir='ltr'>mibi</span> <span class='ocrx_word' id='word_1_35' title='bbox 520 605 623 660; x_wconf 75' lang='lat' dir='ltr'>divisis.</span> 
     </span>
    </p>
   </div>
   <div class='ocr_carea' id='block_1_2' title="bbox 63 714 810 1014">
    <p class='ocr_par' dir='ltr' id='par_1_2' title="bbox 63 714 810 1014">
     <span class='ocr_line' id='line_1_6' title="bbox 63 714 810 861; baseline -0.008 0"><span class='ocrx_word' id='word_1_36' title='bbox 63 714 746 861; x_wconf 51' lang='lat' dir='ltr'>murtuenseesssesuu</span> <span class='ocrx_word' id='word_1_37' title='bbox 808 807 810 812; x_wconf 66' lang='lat'>,</span> 
     </span>
     <span class='ocr_line' id='line_1_7' title="bbox 263 941 551 1014; baseline 0.028 -8"><span class='ocrx_word' id='word_1_38' title='bbox 263 941 289 1006; x_wconf 79' lang='lat' dir='ltr'>E</span> <span class='ocrx_word' id='word_1_39' title='bbox 302 944 326 1004; x_wconf 85' lang='lat' dir='ltr'>L</span> <span class='ocrx_word' id='word_1_40' title='bbox 338 947 361 1006; x_wconf 85' lang='lat' dir='ltr'>E</span> <span class='ocrx_word' id='word_1_41' title='bbox 376 947 406 1008; x_wconf 92' lang='lat' dir='ltr'>G</span> <span class='ocrx_word' id='word_1_42' title='bbox 417 949 430 1008; x_wconf 88' lang='grc' dir='ltr'>Ι</span> <span class='ocrx_word' id='word_1_43' title='bbox 441 951 472 1010; x_wconf 82' lang='grc' dir='ltr'>Α-</span> <span class='ocrx_word' id='word_1_44' title='bbox 507 950 551 1014; x_wconf 78' lang='lat' dir='ltr'>V·</span> 
     </span>
    </p>
   </div>
   <div class='ocr_carea' id='block_1_3' title="bbox 19 1101 718 2650">
    <p class='ocr_par' dir='ltr' id='par_1_3' title="bbox 19 1101 718 2650">
     <span class='ocr_line' id='line_1_8' title="bbox 68 1101 616 1170; baseline 0.005 -16"><span class='ocrx_word' id='word_1_45' title='bbox 68 1107 117 1154; x_wconf 87' lang='lat' dir='ltr'>Una</span> <span class='ocrx_word' id='word_1_46' title='bbox 131 1118 199 1154; x_wconf 87' lang='lat' dir='ltr'>meas</span> <span class='ocrx_word' id='word_1_47' title='bbox 213 1101 291 1170; x_wconf 82' lang='lat' dir='ltr'>igitur</span> <span class='ocrx_word' id='word_1_48' title='bbox 304 1101 413 1154; x_wconf 73' lang='lat' dir='ltr'>versabit</span> <span class='ocrx_word' id='word_1_49' title='bbox 424 1101 515 1156; x_wconf 84' lang='lat' dir='ltr'>femina</span> <span class='ocrx_word' id='word_1_50' title='bbox 528 1110 616 1158; x_wconf 68' lang='lat' dir='ltr'>curas!</span> 
     </span>
     <span class='ocr_line' id='line_1_9' title="bbox 95 1187 609 1258; baseline 0 -16"><span class='ocrx_word' id='word_1_51' title='bbox 95 1199 195 1257; x_wconf 76' lang='lat' dir='ltr'>Unaque</span> <span class='ocrx_word' id='word_1_52' title='bbox 211 1188 246 1240; x_wconf 86' lang='lat' dir='ltr'>mi</span> <span class='ocrx_word' id='word_1_53' title='bbox 261 1187 337 1248; x_wconf 84' lang='lat' dir='ltr'>risus,</span> <span class='ocrx_word' id='word_1_54' title='bbox 352 1208 445 1258; x_wconf 86' lang='lat' dir='ltr'>unaque</span> <span class='ocrx_word' id='word_1_55' title='bbox 457 1194 531 1246; x_wconf 87' lang='lat' dir='ltr'>fletus</span> <span class='ocrx_word' id='word_1_56' title='bbox 544 1191 609 1245; x_wconf 75' lang='lat' dir='ltr'>erit?</span> 
     </span>
     <span class='ocr_line' id='line_1_10' title="bbox 56 1277 653 1346; baseline -0.01 -13"><span class='ocrx_word' id='word_1_57' title='bbox 56 1287 114 1346; x_wconf 69' lang='lat' dir='ltr'>vUna</span> <span class='ocrx_word' id='word_1_58' title='bbox 122 1281 190 1335; x_wconf 84' lang='lat' dir='ltr'>mihi</span> <span class='ocrx_word' id='word_1_59' title='bbox 202 1283 292 1344; x_wconf 71' lang='lat' dir='ltr'>‚dulces</span> <span class='ocrx_word' id='word_1_60' title='bbox 306 1277 381 1329; x_wconf 85' lang='lat' dir='ltr'>facies</span> <span class='ocrx_word' id='word_1_61' title='bbox 395 1281 563 1332; x_wconf 80' lang='lat' dir='ltr'>moderabitur</span> <span class='ocrx_word' id='word_1_62' title='bbox 578 1294 653 1327; x_wconf 86' lang='lat' dir='ltr'>annos</span> 
     </span>
     <span class='ocr_line' id='line_1_11' title="bbox 97 1361 717 1432; baseline -0.018 -11"><span class='ocrx_word' id='word_1_63' title='bbox 97 1372 168 1432; x_wconf 79' lang='lat' dir='ltr'>Quos</span> <span class='ocrx_word' id='word_1_64' title='bbox 183 1367 246 1419; x_wconf 84' lang='lat' dir='ltr'>mihi</span> <span class='ocrx_word' id='word_1_65' title='bbox 260 1367 416 1430; x_wconf 82' lang='lat' dir='ltr'>Persephone</span> <span class='ocrx_word' id='word_1_66' title='bbox 431 1385 481 1418; x_wconf 89' lang='lat' dir='ltr'>non</span> <span class='ocrx_word' id='word_1_67' title='bbox 495 1366 567 1420; x_wconf 86' lang='lat' dir='ltr'>volet</span> <span class='ocrx_word' id='word_1_68' title='bbox 581 1380 631 1414; x_wconf 85' lang='lat' dir='ltr'>esse</span> <span class='ocrx_word' id='word_1_69' title='bbox 647 1361 689 1412; x_wconf 87' lang='lat' dir='ltr'>diu</span> <span class='ocrx_word' id='word_1_70' title='bbox 706 1365 717 1410; x_wconf 75' lang='lat' dir='ltr'>l</span> 
     </span>
     <span class='ocr_line' id='line_1_12' title="bbox 64 1448 690 1514; baseline -0.016 -8"><span class='ocrx_word' id='word_1_71' title='bbox 64 1458 127 1506; x_wconf 84' lang='lat' dir='ltr'>Nam</span> <span class='ocrx_word' id='word_1_72' title='bbox 141 1473 183 1506; x_wconf 89' lang='lat' dir='ltr'>seu</span> <span class='ocrx_word' id='word_1_73' title='bbox 201 1454 261 1502; x_wconf 90' lang='lat' dir='ltr'>dura</span> <span class='ocrx_word' id='word_1_74' title='bbox 277 1466 347 1500; x_wconf 85' lang='lat' dir='ltr'>ruens</span> <span class='ocrx_word' id='word_1_75' title='bbox 363 1450 407 1502; x_wconf 90' lang='lat' dir='ltr'>illa</span> <span class='ocrx_word' id='word_1_76' title='bbox 421 1451 589 1506; x_wconf 73' lang='lat' dir='ltr'>adversabitur</span> <span class='ocrx_word' id='word_1_77' title='bbox 604 1448 690 1514; x_wconf 83' lang='lat' dir='ltr'>ignes,</span> 
     </span>
     <span class='ocr_line' id='line_1_13' title="bbox 96 1538 687 1602; baseline -0.007 -10"><span class='ocrx_word' id='word_1_78' title='bbox 96 1547 140 1592; x_wconf 90' lang='lat' dir='ltr'>Seu</span> <span class='ocrx_word' id='word_1_79' title='bbox 154 1538 257 1592; x_wconf 84' lang='lat' dir='ltr'>facilem</span> <span class='ocrx_word' id='word_1_80' title='bbox 269 1555 322 1590; x_wconf 83' lang='lat' dir='ltr'>sese</span> <span class='ocrx_word' id='word_1_81' title='bbox 339 1540 381 1591; x_wconf 85' lang='lat' dir='ltr'>dat</span> <span class='ocrx_word' id='word_1_82' title='bbox 395 1540 473 1602; x_wconf 82' lang='lat' dir='ltr'>mihi,</span> <span class='ocrx_word' id='word_1_83' title='bbox 484 1555 565 1600; x_wconf 76' lang='lat' dir='ltr'>morte</span> <span class='ocrx_word' id='word_1_84' title='bbox 579 1552 687 1602; x_wconf 87' lang='lat' dir='ltr'>premor.</span> 
     </span>
     <span class='ocr_line' id='line_1_14' title="bbox 63 1623 717 1690; baseline -0.006 -12"><span class='ocrx_word' id='word_1_85' title='bbox 63 1630 115 1678; x_wconf 87' lang='lat' dir='ltr'>Nec</span> <span class='ocrx_word' id='word_1_86' title='bbox 128 1625 192 1678; x_wconf 88' lang='lat' dir='ltr'>mihi</span> <span class='ocrx_word' id='word_1_87' title='bbox 207 1625 259 1678; x_wconf 87' lang='lat' dir='ltr'>vita</span> <span class='ocrx_word' id='word_1_88' title='bbox 271 1641 356 1690; x_wconf 83' lang='lat' dir='ltr'>potest</span> <span class='ocrx_word' id='word_1_89' title='bbox 369 1627 426 1678; x_wconf 85' lang='lat' dir='ltr'>duci</span> <span class='ocrx_word' id='word_1_90' title='bbox 441 1629 485 1680; x_wconf 87' lang='lat' dir='ltr'>sub</span> <span class='ocrx_word' id='word_1_91' title='bbox 500 1643 582 1679; x_wconf 87' lang='lat' dir='ltr'>amore</span> <span class='ocrx_word' id='word_1_92' title='bbox 597 1623 717 1683; x_wconf 83' lang='lat' dir='ltr'>sinistro,</span> 
     </span>
     <span class='ocr_line' id='line_1_15' title="bbox 94 1714 598 1766; baseline 0 -2"><span class='ocrx_word' id='word_1_93' title='bbox 94 1717 161 1764; x_wconf 86' lang='lat' dir='ltr'>Inter</span> <span class='ocrx_word' id='word_1_94' title='bbox 176 1714 297 1764; x_wconf 81' lang='lat' dir='ltr'>mortales</span> <span class='ocrx_word' id='word_1_95' title='bbox 313 1729 358 1764; x_wconf 87' lang='lat' dir='ltr'>net</span> <span class='ocrx_word' id='word_1_96' title='bbox 373 1715 444 1766; x_wconf 87' lang='lat' dir='ltr'>locus</span> <span class='ocrx_word' id='word_1_97' title='bbox 459 1731 509 1766; x_wconf 89' lang='lat' dir='ltr'>esse</span> <span class='ocrx_word' id='word_1_98' title='bbox 525 1717 598 1766; x_wconf 86' lang='lat' dir='ltr'>Deo..</span> 
     </span>
     <span class='ocr_line' id='line_1_16' title="bbox 20 1798 710 1882; baseline 0.006 -30"><span class='ocrx_word' id='word_1_99' title='bbox 20 1811 41 1882; x_wconf 55' lang='lat' dir='ltr'>J</span> <span class='ocrx_word' id='word_1_100' title='bbox 64 1801 108 1854; x_wconf 84' lang='lat' dir='ltr'>Sed</span> <span class='ocrx_word' id='word_1_101' title='bbox 124 1801 209 1868; x_wconf 80' lang='lat' dir='ltr'>potius</span> <span class='ocrx_word' id='word_1_102' title='bbox 225 1799 318 1851; x_wconf 86' lang='lat' dir='ltr'>moriar</span> <span class='ocrx_word' id='word_1_103' title='bbox 331 1816 357 1852; x_wconf 92' lang='lat' dir='ltr'>te</span> <span class='ocrx_word' id='word_1_104' title='bbox 372 1818 415 1862; x_wconf 90' lang='lat' dir='ltr'>te,</span> <span class='ocrx_word' id='word_1_105' title='bbox 430 1798 565 1858; x_wconf 71' lang='lat' dir='ltr'>mentita,</span> <span class='ocrx_word' id='word_1_106' title='bbox 582 1799 710 1856; x_wconf 83' lang='lat' dir='ltr'>tenendo,</span> 
     </span>
     <span class='ocr_line' id='line_1_17' title="bbox 19 1883 674 1955; baseline -0.002 -16"><span class='ocrx_word' id='word_1_107' title='bbox 19 1883 24 1896; x_wconf 73' lang='lat'><em>⁴</em></span> <span class='ocrx_word' id='word_1_108' title='bbox 96 1894 171 1955; x_wconf 86' lang='lat' dir='ltr'>Inque</span> <span class='ocrx_word' id='word_1_109' title='bbox 186 1904 242 1939; x_wconf 85' lang='lat' dir='ltr'>tuos</span> <span class='ocrx_word' id='word_1_110' title='bbox 255 1889 370 1938; x_wconf 82' lang='lat' dir='ltr'>humeros</span> <span class='ocrx_word' id='word_1_111' title='bbox 385 1891 468 1938; x_wconf 81' lang='lat' dir='ltr'>funera</span> <span class='ocrx_word' id='word_1_112' title='bbox 482 1903 565 1937; x_wconf 87' lang='lat' dir='ltr'>nostra</span> <span class='ocrx_word' id='word_1_113' title='bbox 578 1888 674 1938; x_wconf 82' lang='lat' dir='ltr'>cadant.</span> 
     </span>
     <span class='ocr_line' id='line_1_18' title="bbox 65 1973 644 2039; baseline -0.003 -13"><span class='ocrx_word' id='word_1_114' title='bbox 65 1978 156 2027; x_wconf 82' lang='lat' dir='ltr'>Funera</span> <span class='ocrx_word' id='word_1_115' title='bbox 170 1976 202 2039; x_wconf 84' lang='lat' dir='ltr'>de</span> <span class='ocrx_word' id='word_1_116' title='bbox 214 1973 288 2024; x_wconf 88' lang='lat' dir='ltr'>tereti</span> <span class='ocrx_word' id='word_1_117' title='bbox 304 1973 392 2024; x_wconf 84' lang='lat' dir='ltr'>melius</span> <span class='ocrx_word' id='word_1_118' title='bbox 407 1974 539 2038; x_wconf 86' lang='lat' dir='ltr'>pendentia</span> <span class='ocrx_word' id='word_1_119' title='bbox 555 1975 644 2034; x_wconf 82' lang='lat' dir='ltr'>collo,</span> 
     </span>
     <span class='ocr_line' id='line_1_19' title="bbox 51 2061 644 2126; baseline 0.003 -14"><span class='ocrx_word' id='word_1_120' title='bbox 51 2107 53 2112; x_wconf 80' lang='grc'>,</span> <span class='ocrx_word' id='word_1_121' title='bbox 98 2066 179 2126; x_wconf 85' lang='lat' dir='ltr'>Quam</span> <span class='ocrx_word' id='word_1_122' title='bbox 193 2062 214 2112; x_wconf 88' lang='lat' dir='ltr'>si</span> <span class='ocrx_word' id='word_1_123' title='bbox 230 2061 328 2114; x_wconf 88' lang='lat' dir='ltr'>sublimi</span> <span class='ocrx_word' id='word_1_124' title='bbox 345 2063 375 2112; x_wconf 92' lang='lat' dir='ltr'>de</span> <span class='ocrx_word' id='word_1_125' title='bbox 389 2063 458 2112; x_wconf 86' lang='lat' dir='ltr'>trabe</span> <span class='ocrx_word' id='word_1_126' title='bbox 471 2079 532 2114; x_wconf 86' lang='lat' dir='ltr'>nexa</span> <span class='ocrx_word' id='word_1_127' title='bbox 545 2066 644 2114; x_wconf 78' lang='lat' dir='ltr'>forent:</span> 
     </span>
     <span class='ocr_line' id='line_1_20' title="bbox 66 2151 709 2215; baseline 0.002 -13"><span class='ocrx_word' id='word_1_128' title='bbox 66 2151 152 2215; x_wconf 85' lang='lat' dir='ltr'>Qualis</span> <span class='ocrx_word' id='word_1_129' title='bbox 164 2151 316 2212; x_wconf 79' lang='lat' dir='ltr'>Anaxaretes</span> <span class='ocrx_word' id='word_1_130' title='bbox 330 2151 418 2199; x_wconf 83' lang='lat' dir='ltr'>fastum</span> <span class='ocrx_word' id='word_1_131' title='bbox 431 2167 491 2214; x_wconf 81' lang='lat' dir='ltr'>puer</span> <span class='ocrx_word' id='word_1_132' title='bbox 506 2151 572 2206; x_wconf 75' lang='lat' dir='ltr'>ultus</span> <span class='ocrx_word' id='word_1_133' title='bbox 584 2167 709 2211; x_wconf 81' lang='lat' dir='ltr'>amarum,</span> 
     </span>
     <span class='ocr_line' id='line_1_21' title="bbox 97 2237 718 2302; baseline -0.006 -10"><span class='ocrx_word' id='word_1_134' title='bbox 97 2238 193 2292; x_wconf 83' lang='lat' dir='ltr'>Flebile</span> <span class='ocrx_word' id='word_1_135' title='bbox 207 2251 344 2300; x_wconf 82' lang='lat' dir='ltr'>compressa</span> <span class='ocrx_word' id='word_1_136' title='bbox 357 2239 426 2288; x_wconf 86' lang='lat' dir='ltr'>fauce</span> <span class='ocrx_word' id='word_1_137' title='bbox 439 2237 557 2302; x_wconf 82' lang='lat' dir='ltr'>pependit</span> <span class='ocrx_word' id='word_1_138' title='bbox 571 2255 642 2290; x_wconf 88' lang='lat' dir='ltr'>onus.</span> <span class='ocrx_word' id='word_1_139' title='bbox 714 2277 718 2282; x_wconf 93' lang='lat'>.</span> 
     </span>
     <span class='ocr_line' id='line_1_22' title="bbox 62 2323 701 2388; baseline -0.002 -11"><span class='ocrx_word' id='word_1_140' title='bbox 62 2326 147 2378; x_wconf 82' lang='lat' dir='ltr'>Exitus</span> <span class='ocrx_word' id='word_1_141' title='bbox 165 2341 206 2377; x_wconf 84' lang='lat' dir='ltr'>aut</span> <span class='ocrx_word' id='word_1_142' title='bbox 217 2325 253 2376; x_wconf 87' lang='lat' dir='ltr'>sic</span> <span class='ocrx_word' id='word_1_143' title='bbox 269 2341 321 2382; x_wconf 86' lang='lat' dir='ltr'>est,</span> <span class='ocrx_word' id='word_1_144' title='bbox 338 2338 379 2375; x_wconf 91' lang='lat' dir='ltr'>aut</span> <span class='ocrx_word' id='word_1_145' title='bbox 393 2323 427 2373; x_wconf 81' lang='lat' dir='ltr'>sic</span> <span class='ocrx_word' id='word_1_146' title='bbox 442 2326 573 2388; x_wconf 85' lang='lat' dir='ltr'>sperandus</span> <span class='ocrx_word' id='word_1_147' title='bbox 588 2325 701 2386; x_wconf 66' lang='lat' dir='ltr'>amantia</span> 
     </span>
     <span class='ocr_line' id='line_1_23' title="bbox 21 2410 633 2475; baseline -0.007 -13"><span class='ocrx_word' id='word_1_148' title='bbox 21 2458 23 2462; x_wconf 79' lang='grc'>,</span> <span class='ocrx_word' id='word_1_149' title='bbox 96 2417 121 2464; x_wconf 92' lang='lat' dir='ltr'>O</span> <span class='ocrx_word' id='word_1_150' title='bbox 137 2423 142 2464; x_wconf 92' lang='lat'>!</span> <span class='ocrx_word' id='word_1_151' title='bbox 158 2428 242 2464; x_wconf 86' lang='lat' dir='ltr'>natum</span> <span class='ocrx_word' id='word_1_152' title='bbox 254 2411 320 2462; x_wconf 84' lang='lat' dir='ltr'>tristi</span> <span class='ocrx_word' id='word_1_153' title='bbox 334 2411 413 2460; x_wconf 86' lang='lat' dir='ltr'>sidere</span> <span class='ocrx_word' id='word_1_154' title='bbox 428 2410 537 2475; x_wconf 85' lang='lat' dir='ltr'>quisquis</span> <span class='ocrx_word' id='word_1_155' title='bbox 550 2417 633 2462; x_wconf 75' lang='lat' dir='ltr'>amat!</span> 
     </span>
     <span class='ocr_line' id='line_1_24' title="bbox 62 2492 716 2552; baseline 0.003 -1"><span class='ocrx_word' id='word_1_156' title='bbox 62 2501 107 2551; x_wconf 84' lang='lat' dir='ltr'>Sed</span> <span class='ocrx_word' id='word_1_157' title='bbox 120 2497 240 2550; x_wconf 86' lang='lat' dir='ltr'>tamenin</span> <span class='ocrx_word' id='word_1_158' title='bbox 253 2495 339 2548; x_wconf 87' lang='lat' dir='ltr'>melius</span> <span class='ocrx_word' id='word_1_159' title='bbox 349 2497 397 2546; x_wconf 83' lang='lat' dir='ltr'>haec</span> <span class='ocrx_word' id='word_1_160' title='bbox 410 2495 510 2546; x_wconf 85' lang='lat' dir='ltr'>nomina</span> <span class='ocrx_word' id='word_1_161' title='bbox 523 2492 605 2545; x_wconf 83' lang='lat' dir='ltr'>tristia</span> <span class='ocrx_word' id='word_1_162' title='bbox 616 2513 716 2552; x_wconf 78' lang='lat' dir='ltr'>vertent</span> 
     </span>
     <span class='ocr_line' id='line_1_25' title="bbox 94 2575 649 2650; baseline -0.011 -10"><span class='ocrx_word' id='word_1_163' title='bbox 94 2587 210 2648; x_wconf 79' lang='lat' dir='ltr'>Lumina,</span> <span class='ocrx_word' id='word_1_164' title='bbox 224 2575 325 2638; x_wconf 78' lang='lat' dir='ltr'>sidereis</span> <span class='ocrx_word' id='word_1_165' title='bbox 338 2597 388 2650; x_wconf 78' lang='lat' dir='ltr'>que</span> <span class='ocrx_word' id='word_1_166' title='bbox 400 2579 460 2632; x_wconf 84' lang='lat' dir='ltr'>mihi</span> <span class='ocrx_word' id='word_1_167' title='bbox 474 2597 520 2648; x_wconf 80' lang='lat' dir='ltr'>pro</span> <span class='ocrx_word' id='word_1_168' title='bbox 535 2581 649 2644; x_wconf 80' lang='lat' dir='ltr'>fatibus²</span> 
     </span>
    </p>
   </div>
   <div class='ocr_carea' id='block_1_4' title="bbox 0 0 1010 3528">
    <p class='ocr_par' dir='ltr' id='par_1_4' title="bbox 0 0 1010 3528">
     <span class='ocr_line' id='line_1_26' title="bbox 0 0 1010 3528; baseline 0 1"><span class='ocrx_word' id='word_1_169' title='bbox 0 0 1010 3528; x_wconf 95' lang='lat' dir='ltr'> </span> 
     </span>
    </p>
   </div>
  </div>
 </body>
</html>
