2026 3526
220 321 223 326 ’
305 317 582 386 ELEGIAE.
749 313 829 403 75'

137 419 278 488 Biandaque
291 421 424 490 eyl'veetree
433 435 484 484 que
494 410 580 474 moiet
594 437 758 486 tutaremus,

100 511 236 576 Antraque
247 528 301 562 eum
311 507 401 576 Satyris
409 513 467 560 fuse
475 525 519 574 per
533 512 723 575 opacaNapee‚

138 601 171 650 Et
184 613 245 662 puer
255 597 392 650 arcitenens
406 600 524 670 etVenpt
538 595 590 661 ipsa
601 613 687 650 monet

99 686 251 740 Adventare
261 685 321 740 nteit
331 685 421 736 iterum
431 683 552 736 solemnia
560 683 646 735 tactis·

137 781 169 834 I²
182 791 260 840 puer,
277 789 426 842 unguentum
441 776 478 823 fer
490 772 569 830 mihi,
584 775 623 822 fer
633 771 725 828 violae.

99 865 170 918 Vina
185 858 310 918 coronatis
323 874 438 925 spument
452 859 572 925 nigrantia
586 859 694 919 mentis,

138 955 194 1004 Nec
205 951 256 1002 eine
265 947 401 1015 multiplici
410 963 460 998 etet
468 946 529 997 mihi
538 945 603 996 flore
611 960 695 1010 eaput.

102 1041 232 1108 Impositae
242 1039 318 1090 fronti
327 1052 424 1089 mecum
435 1036 551 1101 languete
560 1033 661 1083 coroliae
670 1067 678 1092 ,

138 1129 184 1180 Ad
198 1128 263 1178 latus
275 1125 377 1178 accedat
387 1126 455 1172 firsca
462 1121 546 1186 puella
554 1135 653 1180 meum,

107 1223 170 1284 Quae
184 1215 261 1283 nigris
272 1213 352 1265 ocu'lie
362 1227 388 1264 et
397 1209 470 1278 nigro
481 1210 547 1262 crine
556 1211 645 1262 deeora
654 1245 668 1272 ,‚

139 1288 256 1370 Antipuae
271 1318 406 1354 memorem
419 1317 458 1351 me
473 1299 533 1350 faeie
547 1297 655 1349 efficiatt

101 1395 160 1447 Nee
174 1390 332 1457 pejora-meis
344 1387 432 1454 infigat
446 1383 513 1436 basia
527 1384 620 1442 labris,

136 1483 224 1544 serpat
238 1478 264 1528 in
278 1477 404 1542 amplexus
417 1491 462 1524 uec
476 1472 556 1524 minue
569 1486 626 1536 apta
638 1483 727 1531 meot3
770 1483 774 1490 ’

107 1568 190 1630 Quini
206 1585 255 1633 quae
269 1566 348 1632 prima
365 1563 415 1616 suis
428 1563 523 1616 victum
539 1577 579 1613 me
592 1557 660 1625 cepit
673 1559 781 1623 ocellis,

91 1684 95 1692 -
142 1655 162 1704 E
177 1657 241 1706 fastu
255 1658 362 1706 referent
375 1651 454 1718 prima
467 1649 576 1716 trophea
589 1665 654 1702 meo.

106 1741 164 1792 Vos
172 1757 275 1806 ¹quoque
286 1731 418 1798 Pierides,
432 1739 461 1788 ad
474 1750 586 1802 tempora
600 1737 656 1788 luta
668 1753 779 1801 vocate,

141 1825 249 1878 Fundite
265 1828 400 1879 concordet
416 1842 460 1878 ore
473 1831 571 1879 favente
585 1841 670 1879 tonet·

106 1913 207 1970 Primus
221 1929 270 1980 ego
284 1912 429 1980 ingredior,
446 1914 517 1964 nullo
534 1913 564 1963 de
580 1929 668 1974 more,
682 1916 797 1970 etttrdut

143 2002 234 2053 Annua
248 1999 361 2067 nequitie
375 2020 467 2070 ponere
481 2021 548 2054 saera
560 2017 627 2054 mete.

108 2095 229 2147 Transeat
243 2089 303 2150 hie,
320 2090 410 2155 positis
423 2092 527 2144 immota
538 2105 584 2158 per
598 2093 652 2142 airu
665 2093 747 2144 ventie

144 2181 179 2232 Et
191 2176 243 2232 tine
257 2177 323 2228 nube
337 2178 406 2238 diet,
422 2185 448 2232 'et
462 2179 514 2232 eine
525 2182 579 2232 sole
591 2181 676 2248 gravit
759 2235 762 2242 χ

108 2271 231 2324 Transeat
246 2263 287 2316 hic
304 2281 373 2317 totus
388 2265 440 2317 sine
454 2266 625 2320 sollicitudine
640 2267 748 2328 mensis,

143 2353 197 2413 Hei
211 2352 290 2414 mihi,
307 2355 339 2406 de
347 2355 415 2406 Maia
429 2355 470 2422 qui
487 2338 654 2408 maienomen
666 2355 749 2405 habet.

109 2442 163 2494 Vel
176 2441 268 2493 Veneri
283 2443 406 2502 dominu,
426 2445 483 2499 vel,
501 2444 522 2492 si
534 2442 582 2516 eibi
595 2441 659 2507 legit
668 2439 801 2508 Aprilem,

150 2530 188 2581 At
201 2547 279 2595 puero
293 2529 397 2584 Venerit
411 2529 495 2581 debuit
508 2537 559 2580 e'sse
571 2543 647 2584 sacer.

115 2617 239 2684 Quamvis
253 2618 320 2669 Maia
335 2617 397 2670 Jov'i
410 2618 516 2680 jucundo
530 2617 631 2686 cognita
643 2619 711 2668 furtu

150 2707 299 2764 Formosum
313 2696 411 2781 peperit
423 2705 526 2764 candidu
539 2707 644 2783 nympha
658 2707 745 2768 deum,
