2026 3526
243 293 282 346 94
509 269 658 338 ODAE.

279 379 347 428 Danr
359 368 510 439 infrugiferir
522 373 614 424 nemina
625 372 757 440 vepribus,

244 473 350 538 Ignavu-
359 459 465 514 moritur
480 474 571 540 renexr

276 550 456 620 Indignurque,
468 546 507 596 cui
522 545 659 615 contigerit
670 564 768 615 parem.

243 645 329 710 Ergo,
345 649 459 703 spernere
473 630 494 682 ei
508 647 581 698 poter

243 767 245 776 .
276 728 370 784 Curar,
383 717 526 780 noctitias,
542 719 656 783 vincula,
670 738 813 787 carcerem,

243 819 310 870 Dum
324 827 405 866 eastun
419 807 468 864 tibi
481 809 515 861 eit
528 825 614 869 toruo,

274 909 308 957 Et
320 902 409 972 gignor
423 896 517 965 aliquid
531 897 599 964 quod
612 896 660 951 tibi
676 897 790 954 succinat

242 996 343 1047 Nomen
359 991 433 1044 dulce
447 982 606 1054 parentibus,
643 981 645 987 ’

275 1083 342 1134 Aula
355 1080 470 1147 quodque
483 1071 675 1135 reclusione
688 1071 766 1140 patrie

243 1166 438 1222 Observaocibue
451 1160 511 1214 atria

273 1257 399 1306 Monstret
412 1267 458 1302 ora
472 1245 509 1300 cui
525 1261 593 1297 certa
605 1244 751 1302 clientibus:
826 1235 832 1250 '

240 1329 257 1400 1⁴
262 1380 270 1405 ‚
286 1360 336 1412 quo
349 1357 375 1394 te
386 1341 494 1406 impetus
507 1331 648 1399 impotens,

274 1437 303 1492 l,
316 1447 365 1498 quo
378 1443 481 1496 magnuc
495 1427 594 1492 Hymen
609 1437 634 1474 te
650 1439 739 1486 vocat,
754 1439 781 1478 et
793 1438 893 1494 potem

239 1520 334 1571 Dextra
351 1514 457 1582 teligem
470 1528 541 1578 puer.

273 1608 312 1658 At
324 1621 370 1656 non
382 1601 491 1660 interea,
506 1599 603 1666 quando
616 1599 778 1669 relinquimur

238 1694 293 1748 Aba
305 1707 346 1748 te,
365 1705 419 1740 cum
432 1685 534 1754 reliquis
548 1703 647 1750 tamen,

272 1783 343 1842 Quor
354 1792 405 1827 non
417 1774 466 1827 icta
480 1791 567 1830 tenent
578 1779 648 1844 jura,
665 1775 811 1840 sodalibus,
833 1784 835 1790 ’

238 1869 327 1919 Donec
343 1862 445 1917 canities
459 1866 544 1926 ebert,

272 1959 405 2022 carpamus
418 1953 522 2006 Veneris
537 1951 627 2020 gaudie
639 1954 732 2010 libere.

235 2109 290 2170 DE
308 2108 522 2176 AMORIBUS
540 2111 756 2178 FRANCISCI
773 2111 933 2181 chsn.

235 2273 358 2329 Freneirci
373 2273 462 2326 teneris
477 2270 550 2342 digna
566 2276 705 2338 caloribus,

269 2364 404 2423 Issabella,
415 2379 474 2414 mec
486 2363 598 2428 proxima
610 2362 698 2426 June,

268 2451 422 2516 Quocunque
436 2449 496 2503 orbe
508 2451 629 2512 moraris,

266 2534 330 2587 Fido
347 2536 373 2588 in
386 2553 562 2603 pectorectec
571 2555 671 2592 temen:

233 2626 316 2692 Equo
331 2640 375 2676 nec
388 2625 467 2692 rapiet
481 2642 506 2678 te
521 2641 577 2679 roca
592 2641 752 2692 temporum,
799 2667 801 2675 ,
