2018 3536
254 289 614 359 rnAErnrro.
694 242 777 368 ”aa

82 413 188 485 timo,
209 429 344 494 tanquam
361 411 434 474 olim
453 415 504 474 tub
523 413 681 498 Angusto,
703 391 776 491 po‘d·

82 533 181 578 tarum
194 515 308 598 ingenia
324 513 493 577 excitentur.
505 513 546 574 At
556 515 589 574 dc
600 512 644 572 his
660 511 776 590 quidem

81 615 151 694 satis
170 635 247 678 nunc
265 641 275 676 .·
295 633 408 690 tempus
424 623 484 682 eit,
501 627 532 672 ut
548 611 583 672 de
599 611 709 689 meipso
722 609 776 672 tibi

82 713 180 775 dicere
193 715 297 793 aliquid
313 713 448 791 incipiam
461 713 508 792 qui
521 731 588 772 curn
603 711 690 772 eriam
705 727 777 788 pne·

21 889 24 895 ¹
67 817 187 886 maluo,¹
203 833 232 876 et
250 837 266 876 a
282 813 406 882 tenerit,
424 829 456 872 ut
471 809 567 871 Graeci
585 810 700 882 dicunt,
719 833 775 873 nn·

80 913 206 996 guiculis
224 913 386 976 admirabili
395 911 520 990 quodam
534 910 661 989 poetices
676 933 775 976 amore

81 1013 269 1094 flagrarem,
286 1013 376 1074 muita
393 1006 481 1070 etiam
495 1025 568 1086 pene
581 1007 611 1068 in
629 1013 709 1091 omni
726 1034 777 1093 ge-

83 1131 156 1174 nere
183 1113 337 1183 carminis,
361 1129 487 1177 veteres,
512 1104 604 1184 quoad
631 1129 681 1186 per
703 1112 779 1174 vires

83 1212 228 1284 iicttetat,
245 1211 370 1274 imitatus
381 1205 602 1284 conscripseram
614 1195 776 1284 equorum,

83 1314 175 1394 paulo
190 1311 322 1394 grandior
331 1311 440 1392 factor,
453 1304 594 1369 nonnulla
602 1302 774 1384 Tardipedi,

63 1432 118 1476 υτ
140 1411 180 1473 ait
195 1411 352 1476 Catullus,
368 1406 437 1465 Deo
458 1406 584 1464 dicatam
602 1442 612 1472 ‚
636 1412 777 1472 nonnulla

81 1511 290 1592 projeceram,
315 1505 455 1566 nonnulla
476 1503 593 1571 eriam,
616 1523 646 1566 ut
660 1505 708 1578 fit,
727 1531 778 1588 pe-

82 1617 138 1671 'nes
158 1627 205 1669 me
229 1607 411 1668 retinueram.
438 1603 587 1685 Erigitur
611 1625 679 1666 cum
701 1605 777 1670 haud

81 1707 128 1769 ita
145 1705 255 1785 pridem
270 1704 369 1767 amitis
383 1703 549 1783 quibusdam
566 1705 657 1776 meis,
676 1707 777 1792 quibus

84 1814 145 1888 ego
161 1805 318 1884 plurimum
331 1807 361 1867 in
376 1805 433 1866 hoc
447 1804 551 1886 genere
562 1805 674 1878 tribuo,
691 1830 776 1870 conr·

83 1905 278 1968 manicassem
294 1947 305 1975 ,
323 1927 384 1991 non
402 1907 443 1967 eis
460 1907 554 1968 solum
570 1902 614 1966 illi
631 1906 776 1974 calculum

85 2029 171 2068 suurn
183 2005 331 2084 adjecere,
347 2004 546 2068 verumetiam
560 2002 688 2067 auctores
704 2005 777 2081 mihi

84 2106 220 2173 fuerunt,
243 2122 276 2164 ur
301 2105 408 2168 edenda
431 2127 533 2168 eorum
557 2107 657 2166 saltem
680 2104 776 2180 aliqua

84 2223 167 2284 parte
185 2203 288 2284 judicia
304 2204 457 2286 hominum
473 2208 624 2286 experirer.
638 2207 776 2264 Ascensus

84 2327 172 2374 snm,
190 2322 222 2365 ut
236 2307 312 2384 quod
328 2327 428 2369 verum
444 2325 506 2375 est,
524 2306 647 2388 ingenue
664 2305 779 2365 fatearv

8 2405 9 2410 ’
85 2422 148 2464 non
162 2403 316 2467 admodum
328 2425 467 2488 gravate:
486 2423 547 2466 tum
564 2403 640 2484 quod
657 2423 701 2462 res
716 2417 776 2462 non

85 2501 187 2582 magni
201 2503 320 2580 periculi
336 2504 476 2565 videretur
491 2525 502 2577 3
519 2521 581 2563 rum
600 2501 675 2579 quod
692 2493 778 2562 facilc
846 2566 849 2572 ,

84 2599 262 2663 confiderem
280 2601 343 2664 fore
356 2623 427 2672 me,
437 2602 467 2664 ai
486 2619 568 2671 non,
585 2619 617 2661 ut
629 2597 668 2659 ait
678 2595 777 2659 Hora·

577 2698 605 2756 A
627 2695 656 2760 iv
764 2697 767 2704 '
