2080 3532
246 307 286 371 ῃ
504 299 528 361 Ε
549 297 572 362 L
594 301 619 364 E
638 301 669 364 G
688 297 761 365 IAE.

281 401 339 457 Ne,
353 413 433 464 rugo,
448 411 479 448 ne
492 397 577 463 quinta
591 399 689 466 querire
703 399 758 450 luce
773 399 868 466 lyram

248 488 296 541 llla
310 486 403 537 etenim
415 487 500 536 lumen·
513 487 589 546 caeln,
605 487 725 552 terrisque
742 485 861 553 negabit,

282 575 393 640 Ldtaque
408 589 464 624 curn
479 573 555 625 charo
570 589 661 628 tartara
676 557 734 628 unte
748 576 825 626 colet.
864 593 871 604 ·

246 660 287 712 ‘Ar
300 677 362 721 vos,
378 659 394 711 ὀ
410 662 509 721 Manet,
523 681 626 728 quonum
640 681 687 715 nec
699 661 776 728 longa
789 673 926 722 vetustar‚',

283 749 378 800 Nobile
392 766 436 800 nec
452 751 521 800 delet
535 767 625 802 nomeu
637 768 708 802 avara
723 749 792 802 diest
930 735 936 740 '

249 834 317 894 Vos,
334 833 449 901 inquam,
466 841 535 890 solos
548 839 606 892 Jani
617 840 724 907 gaudete
738 839 870 901 Calendis,

253 945 255 950 ·
284 927 354 983 Vos,
372 925 429 974 dare
441 924 531 977 laetiriae
547 942 629 978 mutua
643 927 728 993 signa,
739 927 820 980 decet.

187 1007 193 1014 ’
252 1012 442 1078 QuippeTitunu
457 1015 529 1066 vobit
541 1015 583 1066 lux
595 1015 693 1067 addidit
708 1012 753 1064 ista
765 1027 945 1080 peremptum

283 1104 342 1152 Haec
359 1116 456 1167 quoque
468 1100 576 1152 Nasonis
590 1101 632 1152 lux
647 1099 718 1152 dedit
729 1114 779 1150 arte
794 1099 852 1154 frui.

234 1171 333 1252 drgo,
356 1185 514 1247 occurristis,
529 1190 631 1246 Manes,
645 1184 801 1240 venientibus
815 1185 884 1245 illis,

285 1277 396 1340 Tutaque
409 1275 435 1326 in
450 1273 574 1338 amplexus
590 1289 688 1325 mortua
703 1275 774 1324 rurba
785 1271 845 1326 ruit.

250 1360 341 1413 Ennius
355 1361 413 1414 inde
426 1380 497 1430 puter
510 1360 619 1413 medium
634 1362 777 1426 complexus
789 1379 939 1430 utrumque,

284 1449 353 1511 Hic,
369 1449 418 1511 ait,
432 1466 469 1502 est
483 1448 546 1502 Latii
561 1448 642 1517 gloria
657 1463 713 1501 tota
726 1451 786 1504 soli.

250 1537 312 1587 Mox
320 1539 401 1588 Varro
410 1553 436 1588 er
443 1537 533 1591 Cicero
541 1553 684 1606 properant,
693 1539 920 1603 tersutthatullus
930 1558 944 1603 ,-

287 1625 450 1688 Moxquoque
459 1639 515 1676 cum
524 1625 640 1685 Nemesi,
652 1626 720 1687 culte
730 1624 846 1688 Tibulle,
858 1629 947 1685 venis.

251 1714 284 1761 Et
294 1724 320 1760 tu
333 1709 372 1775 qui
385 1707 484 1760 dubium
497 1709 577 1762 fecisti
588 1727 679 1762 nornen
690 1711 812 1772 Homeri,

285 1796 332 1847 Cui
347 1795 423 1846 vitam
437 1796 528 1847 debent
542 1814 598 1856 rut,
613 1815 709 1864 pecus,
725 1819 789 1852 arrna
805 1819 883 1856 suam.

254 1881 320 1946 Quid
333 1899 404 1948 teges
413 1899 546 1942 memorem
555 1883 666 1949 priscos,
677 1887 803 1952 fortesque
812 1887 940 1959 Quirites,

287 1971 453 2038 Quoscunque
463 1971 573 2024 exoriens
581 1973 679 2030 Roma,
689 1989 807 2040 vetusque
817 1978 908 2045 dediti?

250 2055 354 2106 Scilicet
362 2055 408 2107 ista
418 2058 501 2109 Titum
511 2073 626 2108 venerata
637 2073 674 2107 est
683 2057 790 2126 undique
799 2065 886 2126 turba;

286 2145 410 2196 Hannibal
420 2160 519 2210 aspecto
529 2145 608 2211 surgit
617 2160 642 2195 et
653 2143 706 2209 ipse
714 2145 785 2200 Tito.

250 2235 322 2294 ¹Vos,
338 2233 355 2285 ὃ
367 2251 413 2286 vot
422 2235 521 2289 Manes,
531 2248 633 2283 aertrnos
644 2233 728 2284 ducite
738 2236 804 2285 lusus
814 2253 820 2286 :

285 2321 323 2373 At
337 2338 383 2373 nos
397 2337 517 2388 perpetuo
534 2337 592 2372 cuna
609 2321 730 2386 dolorque
746 2335 868 2386 prement.
941 2339 949 2346 ·’

251 2407 303 2457 Has
318 2425 365 2474 ego
380 2407 519 2474 quoirannis
533 2407 602 2458 luctu
619 2407 750 2480 celebrabo
766 2409 905 2466 Cal'end'ar,·
934 2473 940 2482 .

280 2497 318 2543 ·Et
327 2493 388 2544 licto
400 2495 508 2558 injiciam
517 2496 605 2554 thura,
619 2507 759 2561 merumque
770 2512 844 2561 rogo.
934 2489 938 2496 ’

252 2582 350 2634 Deinde
362 2581 404 2634 itti
419 2600 503 2635 versut
515 2582 611 2633 cumulo
626 2597 749 2648 ponentur
763 2579 850 2643 intini3,

283 2669 439 2730 liifaciant,
455 2668 514 2722 illos
529 2683 629 2736 postera
643 2671 715 2721 turba
728 2670 813 2736 legun:

994 329 1016 408 ³

1016 634 1018 788 l
