2080 3532
313 285 569 357 ELEGIAE.¹
746 296 801 394 '41-

96 391 163 446 Ecee
172 396 257 447 Venus
266 379 337 458 pullo
348 393 437 454 vestita
451 393 544 444 incedit
553 389 662 449 amictu,

131 482 324 548 Dilaceransque
338 497 426 546 genas,
444 479 625 544 dilaceransque
644 492 739 528 comas.

95 569 130 620 Et
144 571 263 634 pharetrte
278 565 387 624 oblitus,
401 567 520 630 luctuque
535 565 662 616 immersus
675 562 765 614 acerbo
774 578 785 620 ,·

130 653 239 706 Nasonis
254 667 336 706 cantat
350 650 458 702 carmina
471 666 570 702 rnoestus
584 653 675 702 Amne.

28 739 31 746 ’
100 745 156 808 Ipse
172 760 226 794 suas
240 745 314 794 Ianus
328 735 491 802 damnatque,
507 739 609 806 oditque
620 739 754 802 Calendas5

129 833 162 880 Et
175 846 218 880 sua
232 829 262 878 de
277 825 346 878 fastis
361 825 452 876 tollere
466 828 528 879 festa
543 843 622 893 parat.

14 905 19 914 ¹
96 915 155 966 Flet
165 932 263 981 quoque
271 918 402 979 Neptunus
411 949 418 972 ‚
426 912 473 964 flet
481 912 611 966 raucisona
621 913 789 978 Amphitrites

113 1052 116 1058 .
132 1007 165 1054 Et
177 1001 260 1068 patrio
275 1003 358 1067 plorat
374 999 474 1066 gurgite
489 1017 568 1052 mersa
581 997 677 1050 Thetis.

15 1129 17 1134 .
97 1090 206 1158 Pelignus
217 1085 350 1153 lachrymis
359 1088 528 1152 implentrura
542 1084 625 1138 omnia
634 1089 766 1154 Nymphae,

132 1183 164 1229 Et
173 1173 290 1244 querulus
298 1172 385 1226 Patavi
395 1189 505 1238 permeat
513 1191 571 1236 arva
581 1175 671 1228 Padus.

98 1271 168 1318 Tune
177 1264 255 1334 igitur
264 1263 400 1328 lachrymas
409 1260 542 1320 retinebis,
553 1265 644 1320 Roma,
655 1262 784 1324 cadentes,

131 1357 187 1405 Nec
202 1349 296 1416 poteris
311 1345 363 1400 cali
373 1345 497 1412 questibus
511 1365 564 1398 estc
579 1353 680 1400 comes?

16 1440 19 1444 .
96 1440 148 1495 Hei
159 1436 236 1495 mihi,
246 1434 305 1502 quid
317 1450 342 1486 te
352 1433 429 1494 olim,
446 1437 545 1486 demens
557 1435 687 1500 Auguste,
700 1439 787 1506 co'c'git

130 1524 238 1580 Nasonis
252 1540 349 1574 sacrum
365 1522 400 1572 sic
417 1522 513 1574 violare
527 1527 614 1586 capnt?

97 1614 180 1666 Julius
195 1613 243 1662 hoc
258 1607 321 1659 olim
337 1627 389 1678 rqou
402 1610 465 1662 fecit
479 1611 632 1669 avunculus,
650 1610 695 1662 ilie

134 1699 185 1764 Qui
200 1697 270 1749 dedit
285 1687 367 1749 ltaliae'
376 1712 478 1764 sceptra
486 1701 594 1750 secunda
608 1697 665 1752 tibi.

98 1791 169 1839 litte
182 1789 231 1851 jam
246 1785 337 1838 merito
353 1786 501 1836 clementem
515 1785 598 1836 dicere
612 1785 755 1852 quisquam,

132 1874 294 1941 ingeniumve
308 1886 394 1938 potest
407 1872 491 1924 dicere
504 1872 565 1926 mite
582 1873 645 1924 cibis

14 2007 19 2016 ,
97 1961 159 2026 Qus
170 1977 296 2027 'nunquam
310 1961 421 2028 Augusti
434 1960 520 2028 potuit
530 1962 610 2014 lenite
623 1964 730 2012 furorem
740 1987 763 2022 s

132 2049 212 2102 Scivit
224 2049 367 2100 inhumanos
381 2047 483 2100 flectere
495 2067 562 2100 tnusa
578 2051 665 2100 Getas.

96 2139 211 2201 Namque
226 2135 364 2186 Tomitanis
378 2136 435 2186 exul
447 2136 547 2202 lugetur
565 2134 591 2186 in
606 2134 676 2195 oris,

119 2221 276 2288 *Nasoniqu'e
288 2235 360 2288 parat
374 2222 475 2277 barbata
489 2223 561 2274 turba
575 2236 663 2290 rugos·

96 2312 210 2375 lugete,
224 2308 240 2358 ὃ
253 2307 336 2360 miseri
351 2323 436 2366 vates,
450 2323 581 2377 totumque
595 2311 680 2374 jubete
739 2339 743 2350 ι
770 2338 773 2342 -

129 2395 274 2446 Parnassum
290 2396 398 2448 alternos
412 2395 565 2464 ingeminare
581 2411 668 2448 sonos·

100 2480 229 2534 flentibus
241 2499 272 2532 en
281 2480 361 2534 aderit
372 2477 494 2544 Phoebus,
509 2484 638 2548 Pallasque
656 2480 766 2544 favebit,

132 2572 165 2618 Et
178 2585 279 2641 peraget
293 2585 374 2636 partes
390 2583 480 2620 numen
496 2585 626 2636 utrumque
642 2585 704 2622 suas.

36 2641 45 2654 ⁸
98 2657 154 2709 Vot
164 2673 278 2730 quoque,
291 2676 355 2726 quus
364 2655 416 2710 caeli
428 2657 571 2726 dignissima
581 2672 636 2708 tura
644 2656 751 2770 saggat,
